% This file was created with JabRef 2.9.2.
% Encoding: Cp1252

@ARTICLE{ehs14area3CD,
  author = {A. M. Edwards and R. Haigh and P. J. Starr},
  title = {{{P}}acific {{O}}cean {{P}}erch (\emph{Sebastes alutus}) stock assessment
	for the west coast of {{V}}ancouver {{I}}sland, {{B}}ritish {{C}}olumbia},
  journal = {DFO Can. Sci. Advis. Sec. Res. Doc.},
  year = {2014},
  volume = {2013/093},
  pages = {vi + 135~p},
  fulljournal = {Fisheries and Oceans Canada. Canadian Science Advisory Secretariat
	Research Document}
}

@ARTICLE{ehs14area5DE,
  author = {A. M. Edwards and R. Haigh and P. J. Starr},
  title = {Pacific {{O}}cean {{P}}erch (\emph{Sebastes alutus}) stock assessment
	for the north and west coasts of {{H}}aida {{G}}waii, {{B}}ritish
	{{C}}olumbia},
  journal = {DFO Can. Sci. Advis. Sec. Res. Doc.},
  year = {2014},
  volume = {2013/092},
  pages = {vi + 126~p},
  fulljournal = {Fisheries and Oceans Canada. Canadian Science Advisory Secretariat
	Research Document}
}

@ARTICLE{ehs12,
  author = {A. M. Edwards and R. Haigh and P. J. Starr},
  title = {Stock assessment and recovery potential assessment for {{Y}}ellowmouth
	{{R}}ockfish (\emph{Sebastes reedi}) along the {{P}}acific coast
	of {{C}}anada},
  journal = {DFO Can. Sci. Advis. Sec. Res. Doc.},
  year = {2012},
  volume = {2012/095},
  pages = {iv + 188~p},
  fulljournal = {Fisheries and Oceans Canada. Canadian Science Advisory Secretariat
	Research Document}
}

@ARTICLE{esh12,
  author = {A. M. Edwards and P. J. Starr and R. Haigh},
  title = {Stock assessment for {{P}}acific ocean perch (\emph{Sebastes alutus})
	in {{Q}}ueen {C}harlotte {{S}}ound, {{B}}ritish {{C}}olumbia},
  journal = {DFO Can. Sci. Advis. Sec. Res. Doc.},
  year = {2012},
  volume = {2011/111},
  pages = {viii + 172~p},
  fulljournal = {Fisheries and Oceans Canada. Canadian Science Advisory Secretariat
	Research Document}
}

@TECHREPORT{Hilborn-etal:2003,
  author = {Ray Hilborn and Mark Maunder and Ana Parma and B. Ernst and John
	Payne and Paul Starr},
  title = {{C}oleraine: {A} generalized age-structured stock assessment model.
	{U}ser's manual version 2.0. {U}niversity of {W}ashington {R}eport
	{SAFS-UW}-0116},
  institution = {University of Washington},
  year = {2003},
  owner = {haighr},
  timestamp = {2016.04.06},
  url = {https://www.researchgate.net/publication/33515338_COLERAINE_A_Generalized_Age-Structured_Stock_Assessment_Model-User's_Manual_Version_20}
}

@ARTICLE{hshk16,
  author = {Holt, K. R. and Starr, P. J. and Haigh, R. and Krishka, B.},
  title = {Stock assessment and harvest advice for {R}ock {S}ole (\emph{{L}epidopsetta}
	spp.) in {B}ritish {C}olumbia},
  journal = {DFO Can. Sci. Advis. Sec. Res. Doc.},
  year = {2016},
  volume = {2016/009},
  pages = {ix + 256\,p.},
  owner = {haighr},
  timestamp = {2016.04.06},
  url = {http://www.dfo-mpo.gc.ca/csas-sccs/Publications/ResDocs-DocRech/2016/2016_009-eng.html}
}

